@inproceedings{hoffman2011portfolio,
  title={Portfolio Allocation for Bayesian Optimization.},
  author={Hoffman, Matthew D and Brochu, Eric and de Freitas, Nando},
  booktitle={UAI},
  pages={327--336},
  year={2011}
}

@article{hennig2012entropy,
  title={Entropy search for information-efficient global optimization},
  author={Hennig, Philipp and Schuler, Christian J},
  journal={Journal of Machine Learning Research},
  volume={13},
  number={Jun},
  pages={1809--1837},
  year={2012}
}
